@article{ann_mengzaho_2021,
  author    = {Mengzhao Wang and
               Xiaoliang Xu and
               Qiang Yue and
               Yuxiang Wang},
  title     = {A Comprehensive Survey and Experimental Comparison of Graph-Based
               Approximate Nearest Neighbor Search},
  journal   = {CoRR},
  volume    = {abs/2101.12631},
  year      = {2021},
  url       = {https://arxiv.org/abs/2101.12631},
  eprinttype = {arXiv},
  eprint    = {2101.12631},
  timestamp = {Tue, 02 Feb 2021 09:52:17 +0100},
  biburl    = {https://dblp.org/rec/journals/corr/abs-2101-12631.bib},
  bibsource = {dblp computer science bibliography, https://dblp.org}
}

@article{index_nns_chiu_2020,
  author={Chiu, Chih-Yi and Prayoonwong, Amorntip and Liao, Yin-Chih},
  journal={IEEE Transactions on Pattern Analysis and Machine Intelligence},
  title={Learning to Index for Nearest Neighbor Search},
  year={2020},
  volume={42},
  number={8},
  pages={1942-1956},
  doi={10.1109/TPAMI.2019.2907086}
}

@article{fast_ann_hajebi_2011,
  author = {Hajebi, Kiana and Abbasi-Yadkori, Yasin and Shahbazi, Hossein and Zhang, Hong},
  year = {2011},
  month = {01},
  pages = {1312-1317},
  title = {Fast Approximate Nearest-Neighbor Search with k-Nearest Neighbor Graph.},
  doi = {10.5591/978-1-57735-516-8/IJCAI11-222}
}


@article{chi_zhu_2017,
  author = {Chi, Lianhua and Zhu, Xingquan},
  title = {Hashing Techniques: A Survey and Taxonomy},
  year = {2017},
  issue_date = {January 2018},
  publisher = {Association for Computing Machinery},
  issn = {0360-0300},
  url = {https://doi.org/10.1145/3047307},
  doi = {10.1145/3047307},
  journal = {ACM Comput. Surv.},
}

@article{jafari_lsh_2017,
author = {Jafari, Omid and Maurya, Preeti and Nagarkar, Parth and Islam, Khandker and Crushev, Chidambaram},
year = {2021},
month = {02},
title = {A Survey on Locality Sensitive Hashing Algorithms and their Applications}
}


@article{yu_yun_2022,
  author={Yu, Yun William and Weber, Griffin M.},
  journal={IEEE Transactions on Knowledge and Data Engineering},
  title={HyperMinHash: MinHash in LogLog Space},
  year={2022},
  volume={34},
  number={1},
  pages={328-339},
  doi={10.1109/TKDE.2020.2981311}
}

@misc{zhu_lshensemble_2016,
  doi = {10.48550/ARXIV.1603.07410},
  url = {https://arxiv.org/abs/1603.07410},
  author = {Zhu, Erkang and Nargesian, Fatemeh and Pu, Ken Q. and Miller, Renée J.},
  title = {LSH Ensemble: Internet-Scale Domain Search},
  publisher = {arXiv},
  year = {2016},
}

@misc{google_floc_2020,
  url = {https://github.com/google/ads-privacy/blob/master/proposals/FLoC/FLOC-Whitepaper-Google.pdf},
  author = {Google Research and Ads},
  title = {Evaluation of Cohort Algorithms for the FLoC API},
  year = {2020},
}


@misc{andoni_practicalsh_2015,
  doi = {10.48550/ARXIV.1509.02897},
  url = {https://arxiv.org/abs/1509.02897},
  author = {Andoni, Alexandr and Indyk, Piotr and Laarhoven, Thijs and Razenshteyn, Ilya and Schmidt, Ludwig},
  title = {Practical and Optimal LSH for Angular Distance},
  publisher = {arXiv},
  year = {2015},
}


@article{ertl_2020,
	doi = {10.1109/tkde.2020.3021176},

	url = {https://doi.org/10.1109%2Ftkde.2020.3021176},

	year = 2020,
	publisher = {Institute of Electrical and Electronics Engineers ({IEEE})},

	pages = {1--1},

	author = {Otmar Ertl},

	title = {{ProbMinHash} {\textendash} A Class of Locality-Sensitive Hash Algorithms for the (Probability) Jaccard Similarity},

	journal = {{IEEE} Transactions on Knowledge and Data Engineering}
}

@article{indyk_2000,
  author = {Indyk, Piotr and Motwani, Rajeev},
  year = {2000},
  month = {10},
  title = {Approximate Nearest Neighbors: Towards Removing the Curse of Dimensionality},
  volume = {604-613},
  journal = {Conference Proceedings of the Annual ACM Symposium on Theory of Computing},
  doi = {10.1145/276698.276876}
}


@article{domingos_few_2012,
	title = {A few useful things to know about machine learning},
	volume = {55},
	issn = {0001-0782, 1557-7317},
	url = {https://dl.acm.org/doi/10.1145/2347736.2347755},
	doi = {10.1145/2347736.2347755},
	abstract = {Tapping into the "folk knowledge" needed to advance machine learning applications.},
	pages = {78--87},
	number = {10},
	journaltitle = {Communications of the {ACM}},
	journal = {Commun. {ACM}},
	author = {Domingos, Pedro},
	urldate = {2022-07-05},
  year = {2012},
	date = {2012-10},
}


@article{jegou_pqfnns_2011,
author = {Jégou, Hervé and Douze, Matthijs and Schmid, Cordelia},
year = {2011},
month = {01},
pages = {117-28},
title = {Product Quantization for Nearest Neighbor Search},
volume = {33},
journal = {IEEE transactions on pattern analysis and machine intelligence},
doi = {10.1109/TPAMI.2010.57}
}

@INPROCEEDINGS{silpanan_2008,  
author={Silpa-Anan, Chanop and Hartley, Richard},
booktitle={2008 IEEE Conference on Computer Vision and Pattern Recognition},
title={Optimised KD-trees for fast image descriptor matching},   year={2008},
volume={},  number={},  pages={1-8},  doi={10.1109/CVPR.2008.4587638}
}


@online{manhattan_2018,
  author = {OpenGenus-Foundation and Aditya, Chatterjee},
  title = {Manhattan distance},
  year = 2018,
  url = {https://iq.opengenus.org/manhattan-distance/},
	urldate = {2022-07-28},
}


@online{minkowski_2019,
  author = {OpenGenus-Foundation and Aditya, Chatterjee},
  title = {Minkowski distance [Explained]},
	url = {https://iq.opengenus.org/minkowski-distance/},
  year = 2019,
	urldate = {2022-07-28},
}




